<record xmlns:xsi="http://www.w3.org/2001/XMLSchema-instance" xmlns="http://www.loc.gov/MARC21/slim" xsi:schemaLocation="http://www.loc.gov/MARC21/slim http://www.loc.gov/standards/marcxml/schema/MARC21slim.xsd">

  <leader>01450nab a2200169   4500</leader>
  <controlfield tag="005">20160331150444.0</controlfield>
  <controlfield tag="008">160126b           f|||| |||| 00| 0 spa d</controlfield>
  <datafield ind2=" " ind1=" " tag="090">
    <subfield code="a">REVIS 06.02.01</subfield>
  </datafield>
  <datafield ind1="1" ind2=" " tag="100">
    <subfield code="9">1312</subfield>
    <subfield code="a">Vargas Ulate, Gilbert</subfield>
  </datafield>
  <datafield ind1="1" ind2="0" tag="245">
    <subfield code="a">Didáctica de la geografía y su aplicación a la enseñanza de la geografía en el tercer ciclo y la enseñanza diversificada de Costa Rica /</subfield>
    <subfield code="c">Gilbert Vargas Ulate </subfield>
  </datafield>
  <datafield ind2=" " ind1=" " tag="260">
    <subfield code="a">San José, Costa Rica : </subfield>
    <subfield code="b">Editorial Universidad de Costa Rica,</subfield>
    <subfield code="c">2009</subfield>
  </datafield>
  <datafield ind1=" " ind2=" " tag="300">
    <subfield code="a">páginas 75-112</subfield>
  </datafield>
  <datafield tag="520" ind2=" " ind1=" ">
    <subfield code="a">La didáctica de la geografía en las escuelas y colegios debe dejar los elementos tradicionales y obsoletos que constituyen la base del saber geográfico en la actualidad. Al respecto, la enseñanza de esa disciplina se encuentra en una situación deficiente y limitada en Costa Rica por dos razones: una formación geográfica del profesorado limitada, parcial y tradicional, y la ausencia de reflexión sobre la didáctica de la disciplina. En el artículo se sostiene la tesis de que los estudiantes deben adquirir nociones y habilidades que se interrelacionan, pero para que ello ocurra es necesario estructurar la enseñanza de la Geografía de manera gradual y significativa para el estudiantado</subfield>
  </datafield>
  <datafield tag="650" ind2="4" ind1="1">
    <subfield code="9">1</subfield>
    <subfield code="a">EDUCACIÓN</subfield>
  </datafield>
  <datafield ind2=" " ind1="0" tag="773">
    <subfield code="d">San José, Costa Rica : Editorial de la Universidad de Costa Rica, 1997-</subfield>
    <subfield code="o">R0311</subfield>
    <subfield code="t">EDUCACIÓN: Revista de la Universidad de Costa Rica</subfield>
    <subfield code="g">Vol.33, no.1 (2009)</subfield>
  </datafield>
  <datafield tag="942" ind1=" " ind2=" ">
    <subfield code="2">z</subfield>
    <subfield code="c">10</subfield>
  </datafield>
  <datafield ind1=" " ind2=" " tag="999">
    <subfield code="c">3027</subfield>
    <subfield code="d">3027</subfield>
  </datafield>
</record>